2125 3578
0 2474 60 2493 'ha-⁴..

901 251 1157 349 (43)

880 470 1151 546 LXVI.

617 663 844 751 Sus,
898 662 980 738 [ὅ
1032 628 1443 739 (ΖᾸΝιε.

242 899 250 904 ν
293 861 379 936 -U
400 860 472 947 S,
505 880 575 935 et
603 861 802 934 canis
833 863 1073 936 rnutub
1134 861 1692 940 convitiabantur.
1797 864 1895 937 Et

355 963 480 1034 Sus
515 959 790 1055 jurabat
843 981 968 1052 per
1015 959 1388 1046 Venerem,
1445 961 1897 1056 proculdubio

169 1057 510 1131 dentibus
541 1056 612 1150 ſs‘
644 1054 1048 1129 discissuram
1103 1057 1389 1129 Canem.
1494 1057 1693 1128 Canis
1722 1059 1893 1131 vet-“o

169 1157 270 1229 ad
331 1156 485 1227 haec
543 1177 666 1250 per
696 1153 994 1228 Itoniam
1027 1152 1225 1240 dixit,
1300 1155 1484 1226 Bene
1508 1179 1632 1250 per
1666 1153 1891 1228 Vene-

176 1277 334 1327 rem
367 1252 562 1324 nobis
577 1249 792 1348 juras,
825 1249 1159 1345 fignificas
1191 1251 1375 1325 enirn
1410 1255 1499 1326 ab
1530 1251 1666 1349 ipsa
1693 1254 1889 1326 vehe-

181 1369 458 1423 menter
484 1364 546 1421 te
571 1347 809 1434 amari,
838 1372 994 1443 quae
1021 1349 1321 1444 impuras
1352 1369 1496 1424 tuas
1526 1351 1756 1424 carne's
1774 1351 1889 1423 de-

181 1448 600 1546 gustantem‚
658 1445 845 1518 nullo
899 1445 1100 1540 pasto
1135 1445 1199 1516 in
1230 1444 1539 1520 sacellum
1570 1447 1892 1523 admittit.

187 1547 289 1618 Et
323 1547 474 1629 SuS‚
503 1564 782 1640 propter
814 1545 944 1614 hoc
979 1542 1187 1636 igitur
1222 1543 1437 1638 tnagis
1472 1567 1617 1640 prae
1663 1545 1725 1614 se
1760 1544 1892 1618 fert

189 1645 345 1715 Dea
382 1664 608 1714 amare
662 1664 791 1713 me.
902 1639 1090 1710 Nam
1124 1639 1577 1722 occidentem,
1610 1658 1727 1709 aut
1756 1642 1903 1713 alio

195 1740 434 1837 quovis
465 1737 676 1811 modo
711 1738 1073 1813 laedentem
1112 1735 1394 1809 omnino
1424 1734 1785 1811 aversatur:
1823 1755 1899 1811 tu

195 1858 430 1913 tamen
455 1834 631 1910 male
659 1836 828 1923 oles,
859 1835 1042 1923 viva,
1079 1853 1147 1907 et
1180 1854 1479 1911 mortua.

597 2068 1512 2143 AFFABULA‘Tto.

295 2248 542 2322 Fabula
555 2245 898 2345 fignificat,
926 2242 1267 2341 prudentes
1298 2258 1603 2332 oratores,
1664 2266 1787 2341 qua
1822 2244 1903 2317 ab

197 2351 463 2421 inimicis
491 2347 886 2443 objiciuntur,
910 2347 1191 2419 convicia
1224 2346 1544 2439 artificiose
1564 2347 1627 2417 in
1656 2342 1907 2417 laudem

203 2461 584 2522 convertere.

895 2680 1195 2756 LXVII.

602 2880 826 2965 Sus,
878 2877 962 2953 δέ
1015 2840 1325 2949 ΟΑΝῙ
1380 2902 1448 2950 ε.

330 3072 406 3147 U
437 3072 512 3159 S,
597 3090 668 3144 et
728 3073 932 3148 Canis
991 3072 1455 3147 foecunditate
1515 3077 1913 3150 certabant:

380 3171 558 3245 dixit
636 3189 873 3246 autern
935 3172 1147 3243 Canis
1210 3170 1617 3245 foecundam
1667 3171 1731 3242 se
1784 3168 1917 3245 ess'e

215 3268 518 3345 maxime
549 3322 556 3327 -
575 3267 990 3370 pedestrium
1027 3268 1340 3343 omniurn
1373 3265 1765 3371 animalium
1800 3288 1925 3438 :Set

1854 3390 1930 3442 us
