2125 3578
1030 77 1246 168 (Ζ)

290 201 596 276 vifflmae
624 223 782 273 cum
817 199 1046 296 ignitis
1078 201 1481 274 carbonibus
1508 202 1757 297 rapuit,
1816 201 1895 273 δε
1926 201 1993 270 in

292 299 530 370 nidum
565 299 747 368 tulit.
857 297 1088 368 Vento
1110 317 1338 370 autem
1365 299 1801 376 vehementer
1824 319 1996 371 tunc

291 397 522 480 flante,
570 396 642 466 &
677 394 1285 482 Ηειωωὲιτκάῑειῐὲι,
1320 399 1387 467 Α
1448 397 1601 468 uilae
1632 395 1827 492 pulli,
1868 395 2000 466 im-

287 493 554 588 plumes
581 493 801 564 adhuc
849 513 1012 562 cum
1070 493 1299 578 essent,
1356 421 1539 565 afl‘ati
1606 493 1671 562 in
1728 501 1997 564 terram

289 589 711 664 deciderunt.
804 588 1061 698 Vulpeg
1122 613 1315 674 vere,
1371 614 1533 664 cum
1568 589 1991 676 accurriffet,

291 687 360 758 in
390 687 753 787 conspeetu
785 687 1065 784 Aquilae
1092 709 1330 762 omnes
1360 688 1739 760 devoravit.
1816 749 1847 760 -

750 901 1533 996 ArrAnuLAr1m

390 1117 632 1193 Fabula
647 1117 982 1213 fignificat,
1033 1138 1157 1202 eos,
1210 1119 1316 1213 qui
1333 1116 1677 1188 amicitiam
1704 1117 1995 1205 violant,

287 1217 434 1288 licet
465 1219 546 1290 ab
573 1215 814 1309 affeffis
839 1216 1073 1312 injuria‘
1082 1215 1338 1310 fugiant
1365 1216 1657 1286 ultionem
1682 1216 1761 1286 ob
1786 1217 1997 1310 impo-

284 1319 543 1392 tentiam
549 1313 859 1402 ‚dcvinum
870 1314 1459 1410 tamenfitpplicium
1474 1335 1595 1384 non
1606 1310 1990 1407 depufficros.

1085 1549 1177 1630 ΙΙ.

487 1750 945 1843 Αᾳυιιᾼ,
997 1733 1780 1828 ξᾰδσΑιιΑΒΕύε.

461 1940 656 2039 Epus
685 1946 777 2018 ab
808 1942 1058 2039 Aquila
1080 1940 1273 2014 cursu
1302 1940 1556 2037 preffus
1590 1938 1659 2011 in
1690 1939 1985 2016 lustrum

213 2078 224 2091 ·
317 2072 324 2081 ·
477 2042 828 2115 ’Scarabei
858 2040 1193 2139 profugit,
1230 2062 1504 2135 rogam,
1533 2055 1605 2110 ut
1625 2039 1715 2110 ab
1736 2062 1824 2111 eo
1846 2040 1983 2111 ser-

291 2160 582 2213 varetur.
645 2142 1267 2214 Scarabeusautem
1303 2139 1589 2231 rogabat
1617 2136 1981 2231 Aquilam,

291 2258 376 2305 ne
407 2236 744 2308 occideret
777 2238 1171 2333 supplicem.
1224 2234 1561 2308 obtestans
1611 2233 1821 2329 ipsam
1856 2259 1983 2331 per

291 2332 666 2404 maximum
732 2336 1014 2427 jovem,
1071 2342 1181 2405 ne'
1211 2331 1461 2403 sciiicet
1496 2349 1978 2405 contemneret

287 2434 696 2525 parvitatem
714 2430 918 2503 suam.
998 2426 1121 2501 Illa
1150 2430 1319 2503 νει-ὸ
1344 2430 1506 2499 irata
1526 2428 1980 2524 alapercuffit

286 2528 728 2613 Scarabeurn,
756 2530 829 2600 &
860 2529 1207 2623 Lt'eporem
1226 2546 1573 2621 arreptum
1598 2526 1978 2600 devoravit.

288 2628 394 2694 At
428 2626 796 2699 Scarabeus
848 2625 920 2697 &
973 2648 1131 2694 curn
1164 2624 1415 2719 Aquilai
1442 2622 1726 2717 volavit,
1776 2642 1849 2695 ut
1875 2626 1975 2694 ni·-

283 2722 453 2792 dum
475 2718 612 2817 ejus
637 2722 914 2796 disceret
942 2751 964 2802 3
994 2744 1071 2791 ac
1086 2720 1232 2815 jam
1252 2744 1413 2793 curn
1431 2744 1514 2791 eo
1540 2720 1971 2816 pervenisset,

287 2840 417 2888 ova
448 2815 586 2911 ejus
610 2820 930 2893 devoluta
961 2819 1263 2917 disrupit.
1347 2820 1465 2889 lna
1492 2835 1722 2893 autem
1754 2836 1971 2911 quum

289 2938 503 3011 grave
535 2916 963 3002 existimaret,
998 2916 1155 3011 quia
1172 2916 1322 3011 quis
1350 2918 1480 2987 hoc
1498 2915 1690 2988 ausus
1713 2913 1969 3001 fuiss'et,

285 3014 452 3085 &in
477 3012 714 3085 altiore
741 3015 893 3084 loco
910 3016 1321 3097 nidificaffet,
1358 3014 1494 3088 illic
1524 3014 1727 3085 etiam
1754 3013 1972 3083 rursus

278 3112 648 3185 Scarabeus
705 3112 952 3209 pariter
984 3112 1156 3183 hanc
1201 3110 1442 3185 affecit.
1542 3110 1678 3184 Sed
1714 3108 1968 3218 Aquila
2060 3158 2062 3167 -

1786 3227 1982 3303 mops
