2125 3578
1033 218 1287 310 (55)

940 399 1335 508 Lxxxv.

807 590 1465 672 PrscAToR.

287 730 677 902 Plscator
715 731 782 804 in
813 728 1026 803 fluvio
1052 730 1354 825 quodam
1384 732 1764 828 piscabatur
1798 767 1815 810 :
1866 766 1980 816 ex.

488 829 685 902 tenfis
715 846 944 902 autern
975 827 1256 915 retibus,
1320 829 1397 902 &
1428 830 1615 903 fluxu
1656 855 1979 930 compre-

281 921 490 1000 henso
523 927 856 1022 utrinque,
915 921 1066 995 funi
1093 924 1371 1020 alligato
1428 928 1682 1024 lapide,
1738 955 1985 1028 aquam

281 1027 716 1108 verberabat,
776 1041 852 1096 ut
895 1020 1153 1118 pisces,'
1190 1021 1524 1120 fugientes
1578 1025 1867 1116 incaute,
1913 1030 1988 1102 iu

281 1122 452 1194 retia
485 1124 872 1204 inciderent.
969 1120 1149 1192 Cum
1174 1119 1463 1218 ,quidam
1522 1125 1686 1202 vero
1755 1150 1842 1198 ex
1877 1127 1979 1213 iis,

278 1217 396 1308 qui
457 1221 635 1293 circa
687 1218 916 1295 locum
983 1219 1412 1303 habitabant,
1467 1221 1539 1293 id
1562 1243 1701 1291 eum
1760 1221 1981 1298 facere

280 1311 572 1402 videret,
635 1317 1057 1411 increpabat,
1111 1335 1348 1413 utpote
1378 1316 1666 1391 fluvium
1706 1322 1985 1394 turban-

279 1426 417 1484 tem
476 1413 550 1485 &
598 1412 850 1484 claram
879 1434 1133 1506 aquarn
1192 1435 1327 1482 non
1360 1411 1685 1487 fluentem
1724 1418 1982 1490 bibere.

274 1507 371 1583 Et
404 1509 458 1582 is
488 1509 857 1606 respondit,
891 1507 1050 1590 sed,
1074 1506 1194 1578 nifi
1229 1506 1317 1578 fic
1354 1507 1595 1582 fluvius
1632 1517 1983 1608 perturbe—

277 1625 411 1695 tur,
447 1629 558 1680 me
590 1606 944 1704 oportebit
971 1603 1377 1680 esurientem
1410 1606 1614 1680 mori.

669 1813 1621 1890 ArrABULArto..

364 1961 614 2035 Fabula
658 1960 996 2057 fignificat,
1061 1963 1391 2034 civitatum
1457 1969 1656 2037 etiam
1674 2018 1685 2022 μ
1702 1946 1983 2034 ινεὶ“ἰονι’.τ

267 2075 415 2133 tunc
444 2060 712 2133 maxime*
761 2062 1055 2153 quaestum
1096 2060 1352 2153 facere,
1390 2086 1579 2157 quum
1625 2060 1879 2152 patrias
1913 2062 1985 2131 in

247 2154 610 2252 fiditionem
644 2157 979 2229 indxerint.

898 2349 1329 2425 LXXXVI.

483 2504 1725 2593 s1m1us‚&D1=.1„1›111s.

530 2649 672 2720 OS
729 2672 940 2743 quum
1006 2646 1173 2724 effet
1241 2646 1752 2743 navigantibuS,
1817 2647 1975 2720 Me·

577 2746 834 2819 litenses
889 2746 1175 2828 catulos,
1228 2745 1300 2815 &
1332 2744 1595 2816 Simius
1643 2742 1975 2818 adducere

259 2846 328 2919 in
399 2846 705 2918 solamen
765 2840 1250 2935 navigationis,
1316 2840 1648 2937 navigans
1699 2838 2006 2939 quidam‘

258 2945 561 3017 habebat
615 2941 840 3011 secum
896 2939 971 3011 &
1031 2936 1349 3011 Simium.
1444 2940 1691 3035 Qum
1742 2956 1977 3010 autem
2043 2956 2052 2961 ·

255 3036 703 3140 perveniffent
769 3036 854 3109 ad
885 3037 1215 3119 Sunium,
1252 3034 1513 3109 Atticae
1568 3054 1975 3135 promonto-

254 3139 470 3224 rium,
535 3132 1012 3227 tempestatem
1048 3134 1533 3229 vehementem
1566 3129 1862 3223 contigit
1892 3127 1975 3199 fi-

255 3233 378 3311 eri.
459 3230 645 3307 Navi
675 3247 910 3307 autem
940 3232 1197 3321 eversa,
1234 3230 1313 3307 δε
1344 3230 1675 3305 omnibus
1698 3242 1976 3397 euagan-

1516 3334 1525 3345 “
1750 3338 1803 3395 ιι
1858 3344 1977 3409 uS,
