2125 3578
903 95 1161 181 (47)

127 216 352 292 abiit.
446 216 694 315 Qum
727 214 892 286 verb
946 215 1162 312 ipsum
1204 213 1350 311 jam
1387 213 1683 290 sobrium
1734 220 1861 292 effe

0 317 21 332 “
129 310 538 407 conjeftata
602 313 788 398 effer,
829 311 1112 402 januam
1152 311 1435 408 pulsavit
1464 311 1862 412 sepulcreti:
1915 312 1921 320 ⁸

129 410 274 484 ille
305 428 540 482 autem
572 434 784 505 quum
806 410 1087 495 diceret,
1135 409 1308 508 Qis
1340 409 1464 497 est,
1500 413 1613 506 qui
1650 413 1865 509 pulsat

117 507 434 602 januar‘n
466 509 494 577 ἓ
539 530 710 578 uxor
742 506 1115 602 respondit,
1153 505 1457 578 Mortuis
1490 507 1737 582 cibaria
1766 513 1866 586 fe-

135 629 344 690 rem,
379 628 520 698 ego
556 605 792 676 adsum
833 635 847 675 ε
902 605 976 675 δε
1010 603 1143 681 ille,
1180 627 1314 676 non
1348 605 1855 694 mihicomeffe,

135 703 272 776 sed
318 702 578 786 bibere,
613 701 660 772 ὀ
692 702 990 798 optime,
1022 706 1247 797 potius
1277 700 1440 774 affer
1475 732 1491 773 τ
1544 703 1867 780 molestus

135 801 340 872 enim
377 798 674 884 mihies,
728 822 939 893 quum
975 801 1138 883 cibi,
1192 823 1328 870 non
1374 798 1580 896 potus
1618 804 1858 874 memi-

139 897 341 970 nisti.
442 897 626 968 Haec
686 917 914 968 autem
967 897 1248 992 peftore
1304 897 1643 993 percuflb,
1700 899 1867 974 Heu

145 996 334 1070 mihi
372 994 658 1079 miserae,
685 992 901 1088 inquit
934 1023 949 1066 :
982 1018 1139 1065 nam
1172 1018 1390 1090 neque
1418 994 1556 1066 astu
1584 996 1811 1092 profui
1844 1027 1863 1070 ε

145 1111 236 1165 tu
267 1093 481 1175 enim,
518 1091 647 1176 vir,
683 1114 824 1162 non
858 1092 1074 1163 solum
1136 1116 1275 1166 non
1328 1091 1731 1167 emendatus
1767 1121 1863 1184 eS,

146 1190 273 1264 sed
307 1186 502 1286 pejor
532 1212 812 1284 quoque
845 1206 912 1262 te
947 1189 1091 1284 ipso
1120 1189 1400 1277 evafisti,
1434 1214 1591 1264 cum
1633 1191 1701 1264 in
1740 1194 1862 1266 ha-

155 1287 392 1362 bitum
429 1287 556 1360 tibi
577 1287 910 1359 deductus
935 1288 1009 1362 fit
1040 1289 1342 1363 morbus.
1372 1299 1377 1302 ’
1824 1326 1827 1334 ·

563 1463 1477 1537 ΑιτεΑΒυιΑΤΙο.

260 1591 506 1675 Fabula
547 1600 888 1698 flgmficat,
949 1626 1067 1674 non
1098 1617 1381 1693 oportere
1421 1604 1604 1673 molis
1632 1603 1868 1675 affibus

159 1701 520 1786 immorari,
569 1722 714 1771 nam
745 1698 1076 1795 aliquando
1106 1701 1296 1772 etiam
1326 1699 1617 1772 nolentem
1671 1700 1867 1772 homi-

49 1814 60 1821 ’
159 1826 305 1874 nem
337 1797 684 1893 conficetudo
716 1795 984 1873 invadit.

2 2848 10 2915 i
59 2885 96 2918 -q

1 2916 8 3007 ἵ

2 3028 6 3071 ι

862 1948 1175 2022 LXXII.

760 2086 987 2158 Cve
1031 2108 1088 2155 N
1134 2106 1183 2153 U
1220 2106 1278 2154 s,
1370 2142 1381 2149 .

187 2226 480 2401 VIR
511 2224 696 2299 dives
728 2242 794 2295 et
835 2221 1162 2293 Anserem
1192 2217 1414 2303 fimul,
1454 2236 1520 2290 et
1545 2218 1870 2316 Cygnum

415 2323 776 2406 nutriebat,
837 2344 976 2393 non
1007 2318 1112 2389 *ad
1150 2318 1414 2400 eadem·
1449 2334 1712 2401 tamen,
1763 2314 1874 2386 sed

172 2423 463 2496 alterurn
536 2419 800 2510 cantus,
905 2418 1197 2489 alterum
1226 2426 1233 2431 “
1280 2415 1529 2486 mensae
1625 2412 1895 2508 gratia..

173 2522 419 2617 Qum
447 2535 669 2592 autem
696 2530 1052 2611 oporte-ret
1076 2512 1373 2586 anserem
1404 2534 1479 2584 ea
1503 2512 1670 2609 pati,
1706 2530 1882 2606 quo-

172 2641 325 2689 rum
360 2615 555 2688 caus&
613 2614 1069 2695 nutriebatur,
1126 2634 1263 2691 nox
1295 2612 1466 2693 erat',
1532 2632 1609 2679 ac
1638 2606 1883 2677 discer-

173 2736 336 2787 nere
356 2729 624 2810 tempus
653 2733 792 2781 non
824 2707 1132 2805 permisit
1157 2725 1545 2799 utrumque.
1598 2705 1881 2801 Cygnus

173 2829 411 2883 autern
461 2831 590 2905 pro
643 2808 867 2897 ansere
921 2805 1279 2886 abduffikus,
1332 2818 1561 2873 cantat
1595 2822 1878 2873 cantum

177 2907 548 3005 quendam,
579 2906 809 2978 mortis
834 2900 1187 2978 exordium
1225 2929 1240 2972 ε
1276 2921 1355 2969 ac
1382 2917 1581 2972 cantu
1606 2896 1882 2997 quidem

177 3002 498 3101 exprimit
525 3020 864 3091 naturam,
901 3019 1203 3075 mortem
1240 2993 1404 3072 verb
1454 2995 1711 3094 effugit
1745 2997 1885 3067 sua·

180 3104 386 3198 vitate
433 3099 744 3177 canendi.

1544 3192 1616 3261 A
1656 3220 1693 3267 r
1731 3214 1768 3260 r
1808 3204 1896 3257 A·
